%% LaTeX2e file `references.bib'
%% generated by the `filecontents' environment
%% from source `test' on 2015/06/16.
%%
@article{Smith:01,
  author = {Smith, John},
  year = {2001},
  title = {Article title},
  journal = {Journal title},
  volume = {13},
  pages = {1--2}
}

@book{Mueller:02,
  author = {M{\"u}ller, Hans},
  year = {2002},
  title = {Book title},
  publisher = {Publisher},
  address = {Address}
}
